@article{kitagawa1987,
 ISSN = {01621459},
 URL = {http://www.jstor.org/stable/2289375},
 abstract = {},
 author = {Genshiro Kitagawa},
 journal = {Journal of the American Statistical Association},
 number = {400},
 pages = {1032--1041},
 publisher = {[American Statistical Association, Taylor & Francis, Ltd.]},
 title = {Non-Gaussian State-Space Modeling of Nonstationary Time Series},
 volume = {82},
 year = {1987}
}

@article{kalman1960, 
    Author = {Kalman, Rudolph Emil},
    Title = {A New Approach to Linear Filtering and Prediction Problems},
    Journal = {Transactions of the ASME--Journal of Basic Engineering},
    Volume = {82},
    Number = {Series D},
    Pages = {35--45},
    Year = {1960}
}

@book{song2007correlated,
  title={Correlated Data Analysis: Modeling, Analytics, and Applications},
  author={Song, P.X.K.},
  isbn={9780387713939},
  lccn={2007929730},
  series={Springer Series in Statistics},
  url={https://books.google.co.uk/books?id=j6gRuX5xF6YC},
  year={2007},
  publisher={Springer New York}
}

@article{jorgsong98,
author = {JÃ¸srgensen, Bent and Song, Peter X.-K.},
title = {Stationary state space models for longitudinal data},
journal = {Canadian Journal of Statistics},
volume = {35},
number = {4},
pages = {461-483},
keywords = {Compound Poisson process, estimating equation, exponential dispersion model, generalized linear model, Kalman filter and smoother, Newton scoring algorithm, state space model, Tweedie class},
doi = {https://doi.org/10.1002/cjs.5550350401},
url = {https://onlinelibrary.wiley.com/doi/abs/10.1002/cjs.5550350401},
eprint = {https://onlinelibrary.wiley.com/doi/pdf/10.1002/cjs.5550350401},
abstract = {},
year = {2007}
}

@article{Scot-1988,
doi	= {10.2307/2531734},
title	= {Models for Longitudinal Data: A Generalized Estimating Equation Approach},
author	= {Scott L. Zeger, Kung-Yee Liang and Paul S. Albert},
publisher	= {John Wiley and Sons},
journal	= {Biometrics},
issnp	= {0006-341X},
issne	= {1541-0420},
year	= {1988},
month	= {12},
volume	= {44},
issue	= {4},
page	= {1049--1060},
url =       {http://gen.lib.rus.ec/scimag/index.php?s=10.2307/2531734},
}